@inproceedings{MedleyDB,
title={MedleyDB: A Multitrack Dataset for Annotation-Intensive MIR Research},
author={Rachel M. Bittner and Justin Salamon and Mike Tierney and Matthias Mauch and Chris Cannam and Juan Pablo Bello},
booktitle={ISMIR},
year={2014}
}
@misc{1803.00702,
Author = {Emad M. Grais and Dominic Ward and Mark D. Plumbley},
Title = {Raw Multi-Channel Audio Source Separation using Multi-Resolution Convolutional Auto-Encoders},
Year = {2018},
Eprint = {arXiv:1803.00702},
}
@misc{1804.08300,
Author = {Zafar Rafii and Antoine Liutkus and Fabian-Robert Stöter and Stylianos Ioannis Mimilakis and Derry FitzGerald and Bryan Pardo},
Title = {An Overview of Lead and Accompaniment Separation in Music},
Year = {2018},
Eprint = {arXiv:1804.08300},
}
@article{1804.09202,
Author = {Li Su},
Title = {Vocal melody extraction using patch-based CNN},
Year = {2018},
Eprint = {arXiv:1804.09202},
Howpublished = {Proc. Int. Conf. Acoustic, Speech and Signal Processing (ICASSP),
  2018},
}
@misc{1504.04658,
Author = {Andrew J. R. Simpson and Gerard Roma and Mark D. Plumbley},
Title = {Deep Karaoke: Extracting Vocals from Musical Mixtures Using a Convolutional Deep Neural Network},
Year = {2015},
Eprint = {arXiv:1504.04658},
}
@misc{1810.12947,
Author = {Tsung-Han Hsieh and Li Su and Yi-Hsuan Yang},
Title = {A Streamlined Encoder/Decoder Architecture for Melody Extraction},
Year = {2018},
Eprint = {arXiv:1810.12947},
}
@misc{1804.03160,
Author = {Hang Zhao and Chuang Gan and Andrew Rouditchenko and Carl Vondrick and Josh McDermott and Antonio Torralba},
Title = {The Sound of Pixels},
Year = {2018},
Eprint = {arXiv:1804.03160},
}
@misc{1804.04121,
Author = {Triantafyllos Afouras and Joon Son Chung and Andrew Zisserman},
Title = {The Conversation: Deep Audio-Visual Speech Enhancement},
Year = {2018},
Eprint = {arXiv:1804.04121},
}
@misc{1511.05520,
Author = {Peter Li and Jiyuan Qian and Tian Wang},
Title = {Automatic Instrument Recognition in Polyphonic Music Using Convolutional Neural Networks},
Year = {2015},
Eprint = {arXiv:1511.05520},
}
@misc{1901.05061,
Author = {Abhimanyu Sahai and Romann Weber and Brian McWilliams},
Title = {Spectrogram Feature Losses for Music Source Separation},
Year = {2019},
Eprint = {arXiv:1901.05061},
}
@misc{1811.03076,
Author = {Prem Seetharaman and Gordon Wichern and Shrikant Venkataramani and Jonathan Le Roux},
Title = {Class-conditional embeddings for music source separation},
Year = {2018},
Eprint = {arXiv:1811.03076},
}
@misc{1810.12187,
Author = {Francesc Lluís and Jordi Pons and Xavier Serra},
Title = {End-to-end music source separation: is it possible in the waveform domain?},
Year = {2018},
Eprint = {arXiv:1810.12187},
}
@misc{1807.02710,
Author = {Joachim Muth and Stefan Uhlich and Nathanael Perraudin and Thomas Kemp and Fabien Cardinaux and Yuki Mitsufuji},
Title = {Improving DNN-based Music Source Separation using Phase Features},
Year = {2018},
Eprint = {arXiv:1807.02710},
}
@misc{1807.01898,
Author = {Jen-Yu Liu and Yi-Hsuan Yang},
Title = {Denoising Auto-encoder with Recurrent Skip Connections and Residual Regression for Music Source Separation},
Year = {2018},
Eprint = {arXiv:1807.01898},
}
@misc{1806.10307,
Author = {Shinichi Mogami and Hayato Sumino and Daichi Kitamura and Norihiro Takamune and Shinnosuke Takamichi and Hiroshi Saruwatari and Nobutaka Ono},
Title = {Independent Deeply Learned Matrix Analysis for Multichannel Audio Source Separation},
Year = {2018},
Eprint = {arXiv:1806.10307},
}
@article{1806.03185,
Author = {Daniel Stoller and Sebastian Ewert and Simon Dixon},
Title = {Wave-U-Net: A Multi-Scale Neural Network for End-to-End Audio Source Separation},
Year = {2018},
Eprint = {arXiv:1806.03185},
Howpublished = {19th International Society for Music Information Retrieval
  Conference (ISMIR 2018)},
}
@misc{1806.00273,
Author = {Sören Schulze and Emily J. King},
Title = {Musical Instrument Separation on Shift-Invariant Spectrograms via Stochastic Dictionary Learning},
Year = {2018},
Eprint = {arXiv:1806.00273},
}
@misc{1805.08559,
Author = {Sungheon Park and Taehoon Kim and Kyogu Lee and Nojun Kwak},
Title = {Music Source Separation Using Stacked Hourglass Networks},
Year = {2018},
Eprint = {arXiv:1805.08559},
}












































