@FOOTNOTE{Note1,key="Note1",note="\protect \url  {https://github.com/CorentinJ/SourceSeparation/blob/master/samples.md}"}
